@article{grammarForEquationDiscovery,
author = {Jure Brence, Ljupčo Todorovski, Sašo Džeroski},
journal = {Knowledge-Based Systems},
volume = {224},
pages = {107077},
title = {Probabilistic Grammars for Equation Discovery},
year = {2021}
}

@article{abstractExprGrammar,
author = {Michael Korns},
title = {Abstract Expression Grammar Symbolic Regression},
journal = {Genetic Programming Theory and Practice},
year = {2010},
volume = {8},
pages = {109-128}
}

@article{automaticGrammaticalEvolution,
author = {Muhammad Sarmad Ali, Meghana Kshirsagar, Enrique Naredo, Conor Ryan},
title = {Towards Automatic Grammatical Evolution for Real-world Symbolic Regression},
journal = {  13th International Conference on Evolutionary Computation Theory and Applications },
year = {2021},
volume = {13},
pages = {68-78}
}

@inproceedings{koza,
author = {John R. Koza},
title = {Genetic Programming, On the Programming of Computers by Means of Natural Selection},
year = {1998},
publisher={MIT Press}
}

@article{semanticCrossover,
author = {Quang Uy Nguyen, Nguyen Xuan Hoai, Robert I. McKay},
title = {Semantically-based crossover in genetic programming: Application to real-valued symbolic regression},
journal = {Genetic Programming and Evolvable Machines},
year = {2011},
volume = {12},
pages = {91-119}
}

@article{beeColony,
author = {Dervis Karaboga, Celal Ozturk, Nurhan Karaboga, Beyza Gorkemli},
title = {Artiﬁcial bee colony programming for symbolic regression},
journal = {Information Sciences},
year = {2012},
volume = {209},
pages = {1-15}
}

@article{vnp,
author = {Souhir Elleuch, Bassem Jarboui, Nenad Mladenovic, Jun Pei},
title = {Variable neighborhood programming for symbolic regression},
journal = {Optimization Letters},
year = {2020},
volume = {16},
pages = {191-210}
}

@article{np-hard1,
author = {Qiang Lu, Jun Ren, and Zhiguang Wang},
title = {Using Genetic Programming with Prior Formula Knowledge to Solve Symbolic Regression Problem},
journal = {Computational Intelligence and Neuroscience},
year = {2016},
volume = {2},
pages = {1-17}
}

@article{np-hard2,
author = {T. Nathan Mundhenk et al.},
title = {Symbolic Regression via Neural-Guided Genetic Programming Population Seeding},
journal = {Conference on Neural Information Processing Systems},
year = {2021},
volume = {35}
}

@article{AIFeynman,
author = {Silviu-Marian Udrescu, Max Tegmark},
title = {AI Feynman: a Physics-Inspired Method for Symbolic Regression},
journal = {Science Advances},
year = {2020},
volume = {6},
pages={eaay2631}
}

@inproceedings{holland,
author = {John Holland},
title = {Adaptation in Natural and Artificial Systems},
year = {1975},
publisher={MIT Press}
}

@article{ziprian,
author = {Ziprian Zavoianu},
title = {Towards solution parsimony in an enhanced genetic programming process},
year = {2010},
journal = {Thesis for MSc, Robert Gordon University, Aberdeen, UK},
note = {\url{https://www.researchgate.net/publication/239917588_Towards_solution_parsimony_in_an_enhanced_genetic_programming_process}}
}

@inproceedings{VI,
author = {Predrag Janičić, Mladen Nikolič},
title = {Veštačka inteligencija},
year = {2018},
note = {\url{http://ml.matf.bg.ac.rs/readings/ml.pdf}}
}

@article{SAC,
author = {N. Q. Uy, N. X. Hoai, and M. O’Neill},
title = {Semantic aware crossover for genetic programming: the case for real-valued function regression},
journal = {Proceedings of EuroGP09},
year = {2009},
volume = {12},
pages={292-302}
}

@article{vnsFirstPaper,
author = {Nenad Mladenovic, Pierre Hansen},
title = {Variable neighborhood search},
journal = {Computers and Operations Research},
year = {1997},
volume = {24},
pages={1097-1100}
}

@article{vnsHandbook,
author = {Nenad Mladenovic, Pierre Hansen, Jack Brimberg, José A. Moreno Pérez},
title = {Variable neighborhood search},
journal = {Handbook of Metaheuristics},
year = {2019},
volume = {3},
pages = {57-97}
}

@misc{datasetYacht,
title = {{Yacht Hydrodynamics Data Set}},
note = {on-line at: \url{https://archive.ics.uci.edu/ml/datasets/yacht+hydrodynamics}},
     author = {UCI Machine Learning Repository}
}


@article{linearScalingGP,
author = {Marco Virgolin, Tanja Alderliesten, Peter A.N. Bosman},
title = {Linear Scaling with and within Semantic Backpropagation-based Genetic Programming for Symbolic Regression},
journal = {The Genetic and Evolutionary Computation Conference (GECCO) },
year = {2019},
volume = {GECCO'19},
pages = {1084–1092}
}

@article{GPIncompleteData,
author = {Baligh Al-Helali},
title = {Genetic Programming for Symbolic Regression on Incomplete Data},
journal = {PhD thesis, Victoria University of Wellington},
year = {2021},
note = {\url{https://openaccess.wgtn.ac.nz/articles/thesis/Genetic_Programming_for_Symbolic_Regression_on_Incomplete_Data/17150609}}
}

@article{benchmarkStudy,
author = {Patrick Orzechowski, William La Cava, Jason H. Moore},
title = {Where are we now? A large benchmark study of recent symbolic regression methods},
journal = {The Genetic and Evolutionary Computation Conference (GECCO)},
year = {2018},
volume = {GECCO'18},
pages = {1183–1190}
}


@misc{sympy,
title = {{SymPy}},
note = {on-line at: \url{https://www.sympy.org/en/index.html}, \url{https://pypi.org/project/sympy/}},
     author = {SymPy Development Team},
     year = {2021}
}

@article{neuralGuidedGP,
author = {T. Nathan Mundhenk et al.},
title = {Symbolic Regression via Neural-Guided Genetic Programming Population Seeding},
journal = {35th Conference on Neural Information Processing Systems (NeurIPS 2021), Sydney, Australia},
year = {2021},
volume = {35}
}

@article{SACanalysis,
author = {N. Q. Uy, N. X. Hoai, and R. I. McKay},
title = {An Analysis of Semantic Aware Crossover},
journal = {Communications in Computer and Information Science},
year = {2009},
volume = {51}
}