@article{AIFeynman,
author = {Silviu-Marian Udrescu, Max Tegmark},
title = {AI Feynman: a Physics-Inspired Method for Symbolic Regression},
journal = {Science Advances},
year = {2020},
volume = {6},
pages={eaay2631}
}

@inproceedings{koza,
author = {John R. Koza},
title = {Genetic Programming, On the Programming of Computers by Means of Natural Selection},
year = {1998},
publisher={MIT Press}
}

@article{semanticCrossover,
author = {Quang Uy Nguyen, Nguyen Xuan Hoai, Robert I. McKay},
title = {Semantically-based crossover in genetic programming: Application to real-valued symbolic regression},
journal = {Genetic Programming and Evolvable Machines},
year = {2011},
volume = {12},
pages = {91-119}
}

@article{vnp,
author = {Souhir Elleuch, Bassem Jarboui, Nenad Mladenovic, Jun Pei},
title = {Variable neighborhood programming for symbolic regression},
journal = {Optimization Letters},
year = {2020},
volume = {16},
pages = {191-210}
}